@InBook{HTCS:1990,
  editor = 	 {Jan Van Leeuwen},
  title = 		 {Formal {M}odels and {S}emantics},
  chapter = 	 {Rewrite Systems},
  publisher = 	 {Elsevier},
  year = 		 1990,
  volume = 	 {B},
  pages = 	 {243--320}
}

@InProceedings{AlKhalifa:2002,
  author       = {Shurug Al-Khalifa and H. Jagadish and Nick Koudas and Jignesh Patel and Divesh Srivastava and Yuqing Wu},
  title        = {Structural joins: a primitive for efficient {XML} query pattern matching},
  booktitle    = {Proceedings of the International Conference on Database Engineering (ICDE)},
  year         = 2002,
  month        = feb,
  organization = {IEEE}
}

@InProceedings{Asai:2003,
  author       = {Tatsuya Asai and Hiroki Arimura and Takeaki Uno and
                  Shinichi Nakano and Ken Satoh},
  title        = {Efficient Tree Mining Using Reverse Search},
  booktitle    = {Proceedings of the International Symposium on Information Science and Electrical Engineering (ISEE)},
  pages        = {401--404},
  year         = 2003,
  month        = nov,
  organization = {Kyushu University (Japan)}
}

@Book{Cormen:2001,
  author    = {Thomas H. Cormen and Charles E. Leiserson and Ronald L. Rivest and Clifford Stein},
  title     = {{I}ntroduction to {A}lgorithms},
  publisher = {MIT Press, MacGraw-Hill},
  year      = 2001,
  edition   = {second},
  month     = sep
}

@InProceedings{Bruno:2002,
  author       = {Nicolas Bruno and Nicolas Koudas and Divesh Srivastava},
  title        = {Holistic Twig Joins: Optimal {XML} pattern matching},
  publisher    = {Association for Computing Machinery (ACM)},
  booktitle    = {Proceedings of the Special Interest Group on Management of Data (SIGMOD/PODS)},
  year         = 2002,
  month        = jun,
  organization = {University of Wisconsin, Madison (USA)}
}

@InProceedings{Chien:2002,
  author       = {S.-Y. Chien and Z. Vagena and D. Zhang and V. J. Tsotras and C. Zaniolo},
  title        = {Efficient structural joins on indexed {XML} documents},
  booktitle    = {Proceedings of the 28th VLDB conference},
  year         = 2002,
  month        = aug,
  organization = {Hong Kong,China}
}

@InProceedings{Cooper:2001,
  author       = {B. Cooper and N. Sample and M. J. Franklin and G. R. Hjaltason and Moshe Shadmon},
  title        = {A Fast Index for Semistructured Data},
  booktitle    = {Proceedings of the 27th VLDB conference},
  year         = 2001,
  month        = sep,
  organization = {Rome, Italy}
}

@InProceedings{Li:2001,
  author       = {Q. Li and B. Moon},
  title        = {Indexing and Querying {XML} Data for Regular Path Expressions},
  booktitle    = {Proceedings of the 27th VLDB conference},
  year         = 2001,
  month        = sep,
  organization = {Rome, Italy}
}

@InProceedings{Zhang:2001,
  author       = {C. Zhang and J. F. Naughton and Q. Luo and D. J. DeWitt and G. M. Lohman},
  title        = {On Supporting Containment Queries in Relational Database Management Systems},
  booktitle    = {Proceedings of the 2001 ACM-SIGMOD conference},
  year         = 2001,
  month        = may,
  organization = {Santa Barbara, USA}
}

@InProceedings{Jiang:1:2003,
  author       = {H. Jiang and H. Lu and W. Wang and B. C. Ooi},
  title        = {{XR-Tree}: Indexing {XML} Data for Efficient Structural Joins},
  booktitle    = {Proceedings of the 2003 IEEE conference on Data Engineering},
  year         = 2003,
  month        = mar,
  organization = {Bangalore, India}
}


@InProceedings{Wu:2003,
  author       = {Y. Wu and J. M. Patel and H. V. Jagadish},
  title        = {Structural Join Order Selection for {XML} Query Optimization},
  booktitle    = {Proceedings of the 2003 IEEE conference on Data Engineering},
  year         = 2003,
  month        = mar,
  organization = {Bangalore, India}
}

@InProceedings{Jiang:2:2003,
  author       = {H. Jiang and W. Wang and H. Lu and J. X. Yu},
  title        = {Holistic Twig Joins on Indexed {XML} Documents},
  booktitle    = {Proceedings of the 29th VLDB conference},
  year         = 2003,
  month        = sep,
  organization = {Berlin, Germany}
}

@InProceedings{Jiao:2005,
  author       = {E. Jiao and T. W. Ling and C. Y. Chan},
  title        = {{PathStack} : A Holistic Path Join Algorithm for Path Query with Not-Predicates on {XML} Data},
  booktitle    = {Proceedings of the 2005 DASFAA conference},
  year         = 2005,
  month        = apr,
  organization = {Beijing, China}
}

